<?xml version="1.0" encoding="UTF-8"?><record xmlns="http://www.loc.gov/MARC21/slim" xmlns:cinclude="http://apache.org/cocoon/include/1.0" xmlns:zs="http://www.loc.gov/zing/srw/">
  <leader>00591cz  a2200169n  4500</leader>
  <controlfield tag="001">n  83163051 </controlfield>
  <controlfield tag="003">DLC</controlfield>
  <controlfield tag="005">20081211103727.0</controlfield>
  <controlfield tag="008">831115n| acannaabn          |a ana     c</controlfield>
  <datafield tag="010" ind1=" " ind2=" ">
    <subfield code="a">n  83163051 </subfield>
  </datafield>
  <datafield tag="035" ind1=" " ind2=" ">
    <subfield code="a">(OCoLC)oca00986605</subfield>
  </datafield>
  <datafield tag="040" ind1=" " ind2=" ">
    <subfield code="a">DGPO</subfield>
    <subfield code="b">eng</subfield>
    <subfield code="c">DLC</subfield>
    <subfield code="d">OCoLC</subfield>
  </datafield>
  <datafield tag="110" ind1="2" ind2=" ">
    <subfield code="a">Haworth and Anderson</subfield>
  </datafield>
  <datafield tag="410" ind1="2" ind2=" ">
    <subfield code="w">nnaa</subfield>
    <subfield code="a">Haworth &amp; Anderson, inc.</subfield>
  </datafield>
  <datafield tag="410" ind1="2" ind2=" ">
    <subfield code="a">Haworth &amp; Anderson</subfield>
  </datafield>
  <datafield tag="670" ind1=" " ind2=" ">
    <subfield code="a">Knoxville international energy ... 1979:</subfield>
    <subfield code="b">t.p. (Haworth and Anderson, Inc., Spokane/Seattle, Wash.)</subfield>
  </datafield>
  <datafield tag="670" ind1=" " ind2=" ">
    <subfield code="a">LC data base, 10/28/83</subfield>
    <subfield code="b">(hdg.: Haworth &amp; Anderson, inc; usage: Haworth &amp; Anderson, inc.)</subfield>
  </datafield>
</record>